@book{nemeth2017unix,
place={Boston},
title={Unix and Linux System Administration Handbook},
publisher={Addison-Wesley/Pearson},
author={Nemeth, Evi and Snyder, Garth and Hein, Trent R. and Whaley, Ben and Mackin, Dan},
year={2017},
edition={5th},
isbn={9780134277554},
lccn={2017945559},
}
@book{juba2015learning,
place={Birmingham, UK},
title={Learning PostgreSQL: create, develop, and manage relational databases in real-world applications using PostgreSQL},
shorttitle={Learning PostgreSQL},
publisher={Packt Publishing},
author={Juba, Salahaldin and Volkov, Andrey and Vannahme, Achim},
year={2015},
isbn={9781783989195},
}
@book{chodorow2010mongodb,
title={MongoDB: The Definitive Guide},
author={Chodorow, Kristina and Dirolf, Michael},
year={2010},
publisher={O'Reilly Media},
isbn={9781449396985},
}
@book{carlson2013redis,
title={Redis in Action},
author={Carlson, Josiah},
year={2013},
publisher={Manning},
isbn={9781617290855},
}
@book{walls2018spring,
title={Spring in Action},
author={Walls, Craig},
publisher={Manning},
year={2018},
edition={5th},
isbn={9781617294945},
}
@book{chacon2014git,
title={Pro Git},
author={Chacon, Scott and Straub, Ben},
publisher={Apress},
year={2014},
edition={2nd},
isbn={9781484200766},
url={https://git-scm.com/book/en/v2},
}
@book{smart2011jenkins,
title={Jenkins: The Definitive Guide},
author={Smart, John},
publisher={O'Reilly Media, Inc.},
year={2011},
isbn={9781449311155},
}
@book{josuttis2007soa,
title={SOA in Practice: The Art of Distributed System Design},
author={Josuttis, Nicolai},
publisher={O'Reilly Media, Inc.},
year={2007},
isbn={9780596529550},
url={http://www.soa-in-practice.com/},
}
@book{wittig2018aws,
title={Amazon Web Services in Action},
author={Wittig, Michael and Wittig, Andreas},
publisher={Manning},
year={2018},
edition={2nd},
isbn={9781617295119},
}
@book{nickoloff2016docker,
title={Docker in Action},
author={Nickoloff, Jeff},
publisher={Manning},
year={2016},
isbn={9781633430235},
}
@book{nickoloff2019docker,
title={Docker in Action},
author={Nickoloff, Jeff and Kuenzli, Stephen},
publisher={Manning},
year={2019},
edition={2nd},
isbn={9781617294761},
}
@book{burns2017kubernetes,
shorttitle={Kubernetes: Up and Running},
title={Kubernetes: Up and Running: Dive into the Future of Infrastructure},
author={Burns, Brendan and Hightower, Kelsey and Beda, Joe},
publisher={O'Reilly Media},
year={2017},
isbn={9781491935675},
}
@online{hightowerkubernetes,
title={Kubernetes The Hard Way},
author={Hightower, Kelsey},
url={https://github.com/kelseyhightower/kubernetes-the-hard-way},
}
@book{geerling2015ansible,
title={Ansible for DevOps},
author={Geerling, Jeff},
publisher={Midwestern Mac, LLC},
year={2015},
isbn={9780986393419},
url={https://www.ansiblefordevops.com/},
}
@book{schuh2006softwaresecurity,
shorttitle={The Art of Software Security Assessment},
title={The Art of Software Security Assessment: Identifying and Preventing Software Vulnerabilities},
author={Schuh, Justin and McDonald, John and Dowd, Mark},
publisher={Addison-Wesley Professional},
year={2006},
isbn={9780321444424},
}
@book{brikman2017terraform,
title={Terraform: Up \& Running},
author={Brikman, Yevgeniy},
publisher={O'Reilly Media, Inc.},
year={2017},
isbn={9781491977071},
url={https://www.terraformupandrunning.com/},
}
@book{brikman2019terraform,
title={Terraform: Up & Running},
author={Brikman, Yevgeniy},
publisher={O'Reilly Media, Inc.},
year={2019},
edition={2nd},
isbn={9781492046905},
url={https://www.terraformupandrunning.com/},
}
@book{hoffman2016twelvefactor,
title={Beyond the Twelve-Factor App},
author={Hoffman, Kevin},
publisher={O'Reilly Media, Inc.},
year={2016},
isbn={9781492042631},
}
@book{mcdowell2015interview,
title={Cracking the Coding Interview},
author={McDowell, Gayle},
publisher={CareerCup},
year={2015},
edition={6th},
isbn={9780984782857},
url={http://www.crackingthecodinginterview.com/},
}
@book{spafford2013phoenix,
title={The Phoenix Project},
author={Spafford, George and Behr, Kevin and Kim, Gene},
publisher={IT Revolution Press},
year={2013},
isbn={9781457191350},
}
@book{skiena2008algorithm,
title={The Algorithm Design Manual},
author={Skiena, Steven},
publisher={Springer},
year={2008},
edition={2nd},
isbn={9788184898651},
url={http://www.algorist.com/},
}
@book{gamma1994patterns,
title={Design Patterns},
author={Gamma, Erich and Helm, Richard and Johnson, Ralph and Vlissides, John},
publisher={Addison-Wesley},
year={1994},
isbn={9780201633610},
}
@book{lammle2016ccna,
title={CCNA Routing and Switching Complete Study Guide},
author={Lammle, Todd},
publisher={Sybex},
year={2016},
edition={2nd},
isbn={9781119288282},
}
@online{beekmanslfs,
title={Linux From Scratch},
author={Beekmans, Gerard},
year={2019},
edition={8.4},
url={http://www.linuxfromscratch.org/lfs/view/stable/},
}
@book{beyer2016sre,
title={Site Reliability Engineering},
author={Beyer, Betsy and Jones, Chris and Petoff, Jennifer and Murphy, Niall},
publisher={O'Reilly Media, Inc.},
year={2016},
isbn={9781491929117},
url={https://landing.google.com/sre/books/},
}
@book{duckett2011htmlcss,
title={HTML and CSS},
author={Duckett, Jon},
publisher={John Wiley & Sons},
year={2011},
isbn={9781118008188},
url={http://www.htmlandcssbook.com/},
}
@book{zakas2012javascript,
title={Professional JavaScript for Web Developers},
author={Zakas, Nicholas},
publisher={Wrox},
year={2012},
edition={3rd},
isbn={9781118026694},
}
@online{copes2019react,
title={The React Handbook},
author={Copes, Flavio},
year={2019},
url={https://reacthandbook.com/},
}
https://www.freecodecamp.org/news/the-react-handbook-b71c27b0a795/
https://github.com/flaviocopes/react-handbook
https://flaviocopes.com/react/
